3017 4809
574 218 666 264 nr
710 201 1088 264 Pan-reu
1136 201 1499 264 Paratum
1545 189 1784 268 Tomi
1835 220 2120 270 animr-

336 333 381 362 “
405 343 743 405 quocunque
766 323 1033 404 generoso
1059 323 1287 382 homine
1314 325 1381 382 ad
1404 325 1830 388 inhabitandum
1857 349 1870 385 ε
1917 330 2229 410 intelligant
2255 353 2362 409 pro

332 411 377 438 ⁸‘
408 417 585 474 certo,
627 425 727 482 pro
747 425 991 482 veroque
1026 405 1132 462 suis
1174 421 1455 479 reportent
1500 405 1703 461 nedum
1733 407 1975 484 posteris,
2017 415 2150 486 quin
2177 415 2362 472 eciam

330 491 375 519 “
403 483 657 542 universo
682 483 895 561 populo
918 482 1253 548 Christiano,
1295 483 1582 556 quomodo
1609 487 1694 539 vir
1719 485 1946 561 quidam
1977 491 2136 564 probi
2167 493 2356 562 moris,

333 567 373 597 ‘⁶
406 559 497 618 sed
529 561 801 638 probioris
823 559 1089 640 prosapiae
1127 559 1349 616 nomine
1388 560 1564 638 Hugo
1613 558 1847 620 Bostock
1875 565 2085 623 dudum
2129 586 2357 646 propter

330 646 373 674 ‘⁸
402 654 579 698 certas
620 643 809 701 causas
832 659 961 698 eum
991 655 1274 698 moventes
1314 635 1347 694 a
1374 643 1641 696 comitatu
1686 643 1906 700 Cestriae
1947 646 2254 721 egrediens,
2293 654 2350 706 δε

328 729 369 755 ⁸·
396 719 517 796 post
546 719 717 798 longa
738 740 804 777 ac
830 720 985 777 varia
1010 719 1209 775 itinera
1254 715 1324 771 ad
1364 717 1552 774 villam
1601 717 1672 776 de
1723 721 2166 782 Whetbamstede
2205 727 2352 786 infra

328 805 369 832 ‘⁸
402 795 729 855 comitatum
758 797 1029 856 Hertford
1068 794 1413 873 perveniens,
1454 793 1666 872 placuit
1692 796 1896 856 ibidem
1929 801 2024 858 fibi
2054 801 2220 878 figere
2249 806 2353 864 ha-

328 883 369 914 “
396 873 697 932 bitacionis
726 877 1053 942 anchoram,
1094 893 1161 930 ac
1201 870 1347 930 infra
1386 875 1709 950 parochiam
1743 877 1947 935 villulae
1971 881 2121 937 illius
2143 879 2352 962 eligere

324 963 366 993 ⁸⁸
397 951 501 1010 fibi
542 954 909 1012 habitacionis
956 972 1195 1011 moram.
1278 955 1596 1010 Anchoram
1630 954 1798 1030 igitur
1834 957 1910 1012 ibi
1953 954 2144 1036 figens,
2183 968 2234 1018 Ar
2265 963 2352 1020 lo.

323 1045 365 1072 ⁸⁸
393 1049 521 1088 cum
544 1032 912 1091 habitacionis
939 1033 1038 1089 fibi
1070 1031 1301 1108 eligens,
1342 1031 1516 1088 sacius
1538 1031 1610 1088 est
1637 1031 1786 1089 infra
1813 1053 2016 1109 paucos
2045 1039 2162 1096 dies
2188 1039 2350 1100 fami-

322 1121 363 1148 ⁴‘
394 1107 549 1168 liaris
585 1113 798 1178 multis,
840 1131 951 1188 prae
977 1111 1167 1168 ceteris
1206 1124 1391 1166 tamen
1416 1109 1743 1167 familiarior
1767 1113 1990 1171 cuidam
2021 1117 2140 1174 viro
2169 1117 2345 1180 solido

324 1201 365 1227 ‘⁸
392 1193 445 1244 ἀ
472 1206 691 1248 maturo
714 1191 939 1248 nomine
977 1190 1221 1245 Thornae
1261 1185 1558 1260 Makarey,
1599 1194 1648 1245 δε
1671 1189 1750 1246 ita
1789 1191 2014 1250 demum
2043 1195 2114 1252 src
2133 1197 2232 1254 fibi
2261 1199 2345 1256 fa-

321 1279 361 1306 ·‘
394 1267 625 1325 miliaria
665 1285 725 1326 ut
770 1267 939 1327 filiam
966 1267 1083 1342 ejus
1110 1267 1375 1324 seniorem
1406 1265 1634 1322 nomine
1661 1267 2056 1346 Margaretam,
2099 1282 2146 1332 δι
2179 1277 2342 1352 ipsius

302 1356 362 1404 ,⁸⁸
391 1345 637 1405 Tbomae
660 1345 933 1415 heredem,
962 1346 1019 1403 in
1042 1364 1265 1402 uxorem
1298 1359 1526 1420 peteret,
1553 1345 1980 1424 impetraretque
2007 1356 2342 1427 peticionem

318 1435 361 1462 ’⁸
392 1441 458 1480 ac
480 1424 652 1502 ipsam
676 1423 775 1481 fibi
803 1426 860 1482 in
889 1423 1230 1483 connubium
1256 1423 1560 1500 copularet.
1641 1425 1918 1500 Copulata
1941 1427 2208 1505 siquidem
2239 1435 2338 1494 fibi

318 1513 361 1542 ⁸⁸
390 1500 529 1578 ipsa,
568 1506 621 1559 δι
646 1503 701 1560 in
728 1521 951 1562 uxorem
980 1499 1170 1568 ducta,
1212 1503 1399 1580 genuit
1421 1519 1489 1558 ex
1515 1521 1584 1559 ea
1607 1503 1866 1580 posterius
1897 1507 2034 1564 filios
2061 1514 2241 1569 varios
2267 1533 2337 1573 ae

317 1591 358 1621 “
387 1581 563 1638 eciam
586 1579 744 1638 filias.
824 1581 975 1639 Inter
994 1599 1133 1657 quos
1162 1579 1299 1638 filios
1322 1581 1515 1658 genuit
1538 1601 1706 1638 unum
1741 1586 1966 1642 nornine
1993 1587 2337 1663 Johannem,

314 1669 357 1696 ‘⁸
386 1678 575 1736 quem,
605 1674 663 1717 ut
681 1659 841 1718 cores
872 1659 1140 1718 ondenter
1154 1677 1277 1724 cum
1302 1660 1526 1716 nomine
1553 1661 1737 1736 gracia
1756 1661 2020 1720 cresceret
2038 1672 2088 1722 δι
2109 1669 2332 1738 virtute,

314 1750 355 1777 ⁸⁸
386 1737 565 1814 posuit
586 1738 756 1796 statim
781 1681 871 1796 adp
880 1738 1053 1796 scolas
1076 1752 1133 1794 ut
1152 1735 1461 1814 attingebat
1483 1737 1556 1794 ad
1580 1757 1754 1796 annos
1779 1738 2006 1807 dociles,
2036 1745 2328 1806 &fibisco-

310 1825 353 1852 “
380 1817 651 1876 latizandi
670 1816 1224 1894 supervenittempus.
1264 1815 1473 1873 Pofitus
1494 1835 1628 1878 itero
1649 1816 1718 1873 ad
1739 1815 1928 1886 scolae,
1949 1825 1998 1876 δι
2019 1821 2074 1878 in
2089 1823 2330 1886 scolasti-

311 1905 351 1934 “
380 1897 461 1956 eis
480 1895 701 1973 egregie
722 1895 956 1953 mu¹tum
979 1895 1290 1963 proficiens,
1310 1893 1483 1950 faetus
1506 1895 1578 1950 est
1601 1897 1782 1970 primo
1801 1901 2101 1956 monachus
2125 1903 2182 1958 in
2208 1925 2326 1964 mo·
2393 1959 2398 1967 ,

310 1985 351 2010 “
382 1973 611 2034 nasserio
631 1973 699 2031 de
721 1975 923 2031 Sanfilo
944 1974 1189 2030 Albano,
1216 1971 1437 2030 Deinde
1460 1973 1700 2050 processu
1723 1977 1983 2050 temporis
2007 1979 2325 2060 obiniignes

309 2062 349 2089 ⁴⁸
376 2055 495 2130 ejus
520 2053 746 2110 virtutes
768 2053 917 2128 prior
940 2051 1179 2110 ecclefiae
1204 2051 1373 2108 illius.
1413 2049 1618 2108 deiude
1644 2069 1778 2108 vero
1803 2054 1930 2110 loco
1953 2059 2122 2116 tercio
2145 2063 2328 2135 panor

306 2141 351 2168 ⁸⁶
374 2131 620 2206 superior
644 2136 693 2188 δι
716 2133 907 2190 abbas.
932 2131 1255 2188 &staulam
1286 2148 1395 2186 una
1419 2147 1544 2186 cum
1573 2149 1742 2206 grege
1769 2131 1822 2187 in
1845 2131 2322 2208 gubernacionem

302 2221 347 2246 ‘⁸
374 2209 689 2286 suspiciens,
726 2209 961 2268 multum
990 2207 1311 2286 regulariter
1334 2227 1397 2264 ac
1422 2207 1598 2265 eciam
1628 2209 1882 2287 religiose
1908 2231 2006 2286 per
2033 2234 2204 2274 annos
2235 2223 2320 2278 vi-

302 2298 345 2325 “
370 2288 513 2370 giuti
547 2292 599 2346 δε
640 2287 783 2346 ultra
806 2307 930 2346 eam
980 2285 1185 2364 legitur
1210 2287 1549 2364 gubernasse.
1633 2287 1943 2364 Completis
1980 2311 2112 2352 vero
2155 2303 2316 2358 annis

304 2377 343 2406 ‘⁸
372 2367 556 2433 dietis,
594 2371 646 2424 Bc
689 2367 907 2424 interim
938 2385 1033 2444 per
1080 2367 1325 2442 graciam
1372 2363 1463 2422 dei
1504 2364 1900 2444 omnipotentis
1935 2371 2096 2429 rebus
2126 2379 2314 2436 multia

304 2453 343 2481 ‘⁸
374 2447 615 2506 multum
640 2444 993 2504 laudabiliter
1019 2463 1117 2522 per
1142 2443 1317 2520 ipsum
1343 2443 1524 2521 gestis,
1563 2448 1733 2522 coepit
1754 2447 1896 2504 inter
1920 2448 2056 2508 alios
2087 2451 2204 2510 suos
2234 2457 2317 2516 se-

298 2529 338 2562 “
366 2526 639 2586 creciores
664 2527 943 2602 cogitatus
977 2523 1203 2581 statuere
1229 2522 1410 2598 primo
1433 2539 1561 2580 ante
1602 2525 1724 2582 suos
1752 2527 1976 2585 occulos
2005 2551 2170 2606 quam
2195 2533 2314 2594 ssa-

300 2612 339 2639 ‘⁸
365 2605 493 2682 gilis
513 2607 565 2660 δε
594 2603 859 2660 instabilis
897 2601 1039 2660 soret
1064 2599 1299 2658 mundus
1328 2601 1421 2659 isse
1447 2601 1734 2670 fluxibilis,
1775 2606 2128 2684 qualiterque
2151 2613 2313 2671 adin.

296 2687 335 2717 ‘⁸
362 2687 469 2742 star
494 2681 661 2739 maris
682 2681 903 2740 alterius
932 2680 1096 2738 tantis
1116 2677 1463 2738 habundaret
1482 2699 1736 2740 curarum
1767 2683 2326 2766 sollicitudinumque.

294 2767 333 2792 ⁸⁸
364 2760 651 2840 reptilibus
701 2763 853 2835 quod
886 2757 1125 2836 ipsorum
1174 2775 1431 2814 numerus
1480 2760 1796 2838 incognitus
1839 2765 2068 2822 omnino
2105 2767 2312 2828 css'et&

296 2844 335 2871 “
366 2841 626 2898 incertus.
705 2839 959 2897 Secundo
986 2855 1153 2914 quam
1184 2835 1361 2892 multa
1387 2839 1435 2889 δι
1468 2841 1658 2914 ampla
1695 2841 1978 2898 commissa
2005 2843 2101 2900 fibi
2131 2846 2312 2906 suerat

290 2923 331 2951 ‘⁸
360 2919 535 2977 meilis
558 2915 862 2986 dominica,
904 2933 1183 2994 quamque
1222 2932 1421 2990 parvos
1460 2921 1507 2973 Se
1540 2936 1738 2992 paucos
1767 2917 2002 2976 babebat
2031 2919 2128 2978 sub
2162 2923 2216 2981 se
2241 2944 2308 2984 o·-

293 3003 335 3028 “
365 2997 608 3074 perarios
636 2997 707 3054 ad
732 2994 1065 3054 mittendum
1103 2994 1159 3050 in
1194 2991 1411 3049 messem
1444 3014 1545 3070 pro
1595 2997 1712 3053 utili
1753 2999 2151 3073 necessariaque
2176 3005 2298 3060 cul.

288 3081 331 3106 ⁸⁸
362 3090 485 3133 tura
512 3073 697 3152 ipsius.
779 3073 989 3132 Tercio
1019 3089 1149 3128 vero
1196 3089 1365 3145 quam
1396 3071 1606 3150 fragilis
1647 3081 1693 3132 ἃ
1729 3073 1849 3130 flori
1877 3075 2066 3134 similis
2095 3079 2159 3138 fit
2187 3082 2306 3141 vita

289 3157 329 3186 ‘⁴
354 3153 621 3219 hominis,
648 3172 932 3230 quamque
956 3149 1151 3228 plenus
1178 3148 1359 3206 suerat
1382 3149 1494 3222 ipse
1523 3153 1840 3210 mo=borum
1865 3153 2222 3230 languoribus
2242 3163 2303 3220 iu

286 3235 327 3262 ‘⁸
354 3229 453 3288 suo
473 3249 725 3308 corpore,
767 3233 861 3308 qui
900 3231 1126 3288 racione
1170 3229 1349 3283 anxia:
1396 3227 1776 3288 solIIcitudinis
1813 3232 2128 3292 crescebant
2161 3258 2302 3313 quo-

283 3313 325 3341 “
354 3309 493 3366 tidia
520 3310 590 3367 de
632 3313 790 3388 gravi
814 3311 873 3366 in
916 3308 1162 3386 graviuS,
1221 3303 1632 3386 causabantque
1673 3309 1727 3366 in
1772 3310 1864 3366 suo
1912 3329 2144 3387 corpore
2185 3337 2298 3376 no.

284 3393 587 3464 “parvam
626 3388 969 3445 debilitatem
1023 3392 1073 3442 δε
1132 3383 1407 3440 defectum
1470 3387 1840 3465 multiphariae
1879 3395 2298 3466 attenuationis.

282 3471 321 3500 ‘⁸
348 3467 581 3524 statutis
610 3467 801 3542 utique
837 3467 941 3524 hiis
968 3466 1142 3520 tribus
1178 3477 1305 3518 ante
1339 3467 1538 3522 mentis
1575 3469 1818 3534 occulos,
1858 3471 2214 3547 quotidieque
2241 3475 2300 3533 iu

273 3545 321 3576 ‘⁸
348 3545 543 3602 animo
582 3547 737 3620 quasi
798 3546 851 3600 in
905 3545 1079 3602 altero
1118 3541 1339 3618 speculo
1390 3545 1509 3600 visis
1546 3545 1743 3601 clarius
1785 3557 1832 3602 δι
1878 3547 2093 3621 plenius
2133 3551 2297 3610 intel-

276 3629 319 3656 ⁶⁴
348 3621 525 3690 leffis,
564 3623 890 3682 deliberavit
928 3623 1107 3678 secum
1154 3618 1389 3687 diucius,
1446 3623 1784 3698 tandemque
1813 3626 1930 3698 post
1967 3627 2082 3682 dies
2111 3635 2294 3688 varios

274 3709 315 3736 ‘⁸
344 3699 397 3756 se
424 3701 797 3758 determinans
824 3699 1089 3760 conclusit
1118 3697 1375 3762 finaliter,
1419 3706 1563 3774 apud
1597 3699 1648 3756 se
1696 3704 1874 3757 utilius
1903 3703 1997 3761 fibi
2027 3707 2143 3765 sore
2173 3728 2295 3766 ma...

272 3783 315 3810 ⁸⁸
346 3778 541 3856 gisque
556 3780 857 3854 expediens
886 3777 1201 3836 naviculam
1231 3774 1307 3830 sui
1348 3780 1630 3856 regiminis
1664 3800 1757 3855 per
1786 3782 1932 3838 viam
1962 3785 2295 3860 refignacio-

270 3863 313 3891 ‘⁴
340 3876 427 3914 ms
458 3858 515 3912 in
554 3871 775 3932 portum
804 3855 1115 3933 tranquillat
1148 3853 1395 3910 stacionis
1446 3858 1728 3924 iuducere,
1777 3879 1944 3932 quam
1982 3861 2290 3923 diuturnius

270 3943 313 3968 ·‘
343 3935 691 3992 committere
718 3955 841 3994 eam
872 3955 1119 3993 curarum
1148 3931 1420 3994 flu611bns.
1463 3936 1823 4011 quotidieque
1853 3939 2122 4016 naufragii
2147 3944 2294 4018 peri.-

266 4021 309 4046 “
338 4015 465 4069 cula
496 4013 819 4070 formidare.
898 4015 1165 4090 Cogitans
1198 4010 1359 4084 igitur
1388 4019 1435 4070 ἅς
1466 4015 1756 4070 consulens
1797 4019 1864 4070 de
1893 4019 1994 4074 viis
2021 4025 2066 4073 δε
2094 4022 2290 4077 medi³s

266 4097 307 4124 ‘⁶
352 4089 669 4173 hujusmodi
690 4093 1057 4163 inductionis,
1112 4089 1247 4144 misit
1268 4092 1334 4145 ad
1361 4092 1566 4149 curiam
1587 4093 1898 4151 Romanam
1919 4099 2172 4229 protinqs
2195 4117 2294 4167 pro

1130 4188 1155 4212 ‘
1192 4183 1281 4232 Sic.
2053 4183 2098 4208 ⁴⁴
2149 4193 2298 4234 me...

2529 227 2658 292 279
