3017 4809
42 3566 51 3779 J

371 166 1024 373 Mohastici
1039 158 1702 377 Anglicani
1720 200 2281 381 Epistola.

289 462 588 573 finum
633 472 824 591 ille,
895 510 1070 574 nec
1110 480 1597 599 Venetum,
1632 474 1963 598 effert3
2050 482 2326 583 dum-

283 628 461 751 que
503 612 742 743 quid
821 607 1158 715 saelum
1237 608 1504 713 fuerit
1574 614 1697 713 ob
1766 618 2075 719 oculos
2147 636 2323 754 ‘po-

287 753 446 869 nit‚
535 746 772 881 quid
842 748 1038 850 fieri
1115 750 1462 873 debeat,
1577 757 1923 857 nemini
1996 757 2317 891 praesti·

283 890 484 989 tuit.
633 886 1334 989 cucullatorum
1391 896 1777 1021 gratiam
1843 894 1957 991 ad
1968 932 2079 993 eo
2128 932 2317 995 non

279 1049 625 1159 eaptat,
699 1050 807 1124 ut
851 1028 1124 1161 speret
1191 1052 1535 1151 tamen,
1629 1034 2083 1131 neminem
2134 1044 2317 1137 Or-

285 1164 844 1264 thodoxum-
885 1162 1336 1265 infensum
1415 1166 1633 1286 fore,
1736 1172 1983 1301 quod
2022 1170 2319 1271 osten-

281 1304 550 1424 derit,
635 1300 1136 1438 qualisnam
1205 1300 1362 1401 illa
1429 1304 1882 1439 majorum
1960 1308 2315 1407 nostro-

281 1478 490 1540 rum
539 1435 730 1538 five
797 1442 1116 1561 Pietas,
1177 1435 1354 1538 five
1419 1448 1711 1561 Error,
1768 1440 2059 1565 fixerit,
2127 1484 2317 1587 quo

283 1579 496 1679 alias
602 1576 1186 1713 quascunque
1307 1604 1613 1711 gentes
1700 1580 2316 1715 superaverint.

283 1724 619 1851 Neque
733 1718 980 1817 enim
1093 1719 1527 1849 cuiquam
1618 1716 2013 1817 Authori
2102 1728 2321 1822 vitio

283 1861 744 1977 vertimus,
885 1849 958 1951 fi
1042 1859 1348 1953 veteris
1475 1860 1797 1953 Rornae
1906 1862 2319 1991 origineS,

281 1992 708 2091 Deorum
817 1994 1322 2091 Gentilium
1429 1992 1681 2112 aedes,
1798 1993 2311 2121 sacerdotes,

283 2134 498 2229 ritus
583 2128 1235 2255 monstraverit,
1335 2127 1519 2265 ipse
1582 2133 2017 2233 immunis
2094 2133 2317 2234 Eth-

281 2270 658 2374 nicismi.
873 2269 1371 2369 Bardorum
1483 2266 2023 2369 nostratium
2146 2302 2313 2374 aut

121 2534 128 2539 Ι
281 2405 752 2505 Druidum
843 2411 1387 2505 memoriam
1475 2408 1811 2507 solicite
1918 2417 2313 2545 exquiri-

280 2583 558 2677 mu33
631 2547 954 2679 quidni
1000 2554 1087 2645 ὅτ
1151 2540 1492 2677 Pap-alis
1552 2543 1833 2679 ⁸hujus
1875 2549 2307 2669 satellitii,

257 2685 466 2819 jam
548 2680 736 2783 fere
809 2720 1002 2789 non
1074 2680 1372 2780 minus
1411 2673 1935 2827 profligati?
2052 2688 2311 2787 Nihil

277 2822 674 2957 praesenti
758 2820 1077 2921 seculo‘
1145 2819 1720 2938 detrahimus,
1816 2820 2045 2921 dum
2091 2860 2311 2957 prae-

275 2962 540 3061 terita
585 2960 1338 3093 contemplamur.
1507 2960 1595 3057 Si
1678 2958 2046 3057 meliora
2132 3000 2347 3063 no-·

275 3094 458 3197 stra
503 3092 708 3219 sint,
827 3096 1260 3197 habemus
1349 3090 1599 3231 quod
1684 3099 2310 3231 gratulemur3

253 3232 414 3347 „fin
446 3264 804 3359 contra,
871 3236 1122 3371 quod
1163 3234 1654 3335 imitemur.
1800 3235 2106 3331 Nemo
2146 3240 2311 3371 igi-

277 3400 425 3472 tur
513 3376 780 3474 nobis
863 3394 1296 3509 opponat,
1404 3370 1727 3467 Patres
1802 3368 2109 3499 nostros
2159 3384 2307 3473 in·-

271 3512 692 3653 terficss'e
783 3514 920 3613 M
907 3512 1270 3629 onachos,
1397 3544 1537 3605 nos
1644 3533 1935 3609 autem
2022 3550 2309 3611 eorum

273 3679 822 3763 monumenta
891 3652 1310 3769 condere3
1405 3682 1519 3745 cu
1534 3680 1656 3762 m,
1747 3678 1895 3743 me
1932 3652 2313 3783 quidem

261 3792 606 3928 judice,
701 3790 1208 3927 optandum
1295 3780 1553 3902 foret,
1646 3808 1746 3881 ut
1822 3820 2137 3925 omnes
2192 3794 2311 3883 E·-

409 3976 590 4045 vox„
619 3974 736 4037 v1.
1284 3927 1383 4031 G
1974 3958 2317 4059 vange-

2496 254 2599 359 35
