3017 4809
399 164 490 243 ⁷2

1051 162 1320 229 THE
1433 158 2345 227 PUBLISHER’S

735 289 802 359 id
833 293 1120 377 templum
1135 294 1373 371 destrui,
1415 296 1476 359 &
1499 294 1613 357 alia
1642 292 1862 378 palacia
1889 292 1952 356 in
1982 292 2205 377 quibus
2235 292 2431 356 cultus
2460 307 2591 355 erat
2614 288 2761 357 deo·

717 396 879 458 rum,
914 398 986 444 nt
1005 384 1357 458 adoratores,
1405 384 1510 467 qui
1538 386 1795 445 Romam
1824 380 2091 456 veniunt,
2139 400 2263 443 non
2292 401 2395 462 per
2418 380 2669 444 aedificia
2700 383 2763 445 δε

714 466 858 533 fana
886 469 1058 543 irent,
1105 468 1202 533 sed
1237 490 1342 553 per
1381 468 1645 534 ecclefias
1697 489 1837 531 cum
1868 468 2191 531 devocione
2220 466 2547 530 tranfirent.
2639 472 2760 531 Ca-

713 554 844 639 pud
869 576 1010 619 vero
1035 552 1094 619 ὅσ
1119 577 1326 620 manus
1351 556 1506 641 ydoli
1544 556 1813 639 praediffi
1845 570 1981 618 ante
2016 556 2309 639 palacium
2346 555 2411 617 in
2454 558 2758 620 Laterano

715 640 781 707 in
811 646 1156 707 memoriam
1201 643 1342 707 fecit
1389 644 1557 729 poni.
1620 662 1647 691 ³
1676 640 1785 727 qui
1826 644 2015 707 modo
2067 643 2261 724 palma
2288 639 2581 705 Samsonis
2609 642 2760 707 falso

714 747 968 793 vocatur
1009 730 1044 793 a
1081 732 1287 815 vulgo.
1570 734 1874 813 Tempore
1923 728 2234 793 consulum
2278 728 2341 791 δε
2389 726 2754 807 senatorum,

713 816 1052 899 imperante
1073 816 1448 891 Domiciano,
1478 820 1587 901 qui
1606 820 1759 880 Tito
1786 818 1843 879 ὅτ
1864 816 2219 899 Vespafiano
2236 816 2603 880 immeditate
2618 816 2756 882 suc·

682 902 893 988 mestit,
942 908 1204 989 Agrippa
1235 903 1556 989 praefectus
1578 902 1913 989 subjugavit
1934 906 2211 967 Romano
2238 901 2457 965 senatui
2478 908 2753 983 Swenos,

715 994 1000 1067 Saxones,
1048 994 1107 1055 &
1137 994 1279 1056 alios
1325 990 1717 1055 occidentales
1758 992 2013 1073 popuios
2064 1012 2203 1053 cum
2251 1006 2511 1073 quatuor
2558 990 2753 1075 legio-

711 1077 912 1154 nibuS,
956 1078 1020 1141 in
1047 1081 1216 1159 cujus
1243 1078 1567 1143 reversione
1592 1077 2020 1141 tintinabulum
2042 1076 2241 1139 statuae
2264 1078 2295 1126 b
2316 1076 2571 1153 Perfide‚
2602 1100 2751 1163 quae

707 1166 907 1228 eratin
929 1166 1229 1247 capitolio,
1273 1164 1469 1229 sonuit
1509 1165 1571 1230 in
1603 1166 1825 1250 templo
1860 1168 2021 1244 Jovis
2064 1164 2125 1227 δε
2162 1164 2466 1229 Minervae.
2554 1168 2753 1247 Cujus

711 1252 1142 1315 tintinabulum
1171 1255 1416 1316 audiens
1458 1250 1749 1328 sacerdos,
1793 1252 2051 1337 quierat
2080 1253 2138 1313 in
2180 1251 2413 1335 speculo
2452 1251 2515 1314 in
2554 1254 2749 1318 ebdo-

709 1340 889 1401 mada
908 1336 1029 1415 sua,
1061 1340 1367 1403 nunciavit
1389 1337 1773 1404 senatoribuS.
1860 1340 2175 1403 Senatores
2198 1352 2398 1401 aute-m
2422 1339 2573 1401 hanc
2594 1336 2751 1425 legi-

709 1445 891 1489 onem
921 1422 1198 1509 praefecto
1236 1429 1527 1511 Agrippae
1572 1422 1999 1509 imposuerunt,
2044 1424 2154 1509 qui
2182 1425 2461 1489 omnibus
2486 1444 2745 1491 renuens

707 1532 831 1574 non
861 1512 1014 1595 poffe
1045 1516 1164 1596 pati
1194 1514 1426 1577 affer-nit
1455 1512 1510 1577 se
1556 1530 1787 1578 tantum
1816 1514 2116 1587 laborem3
2164 1510 2401 1575 tandem
2428 1514 2746 1579 convietus

703 1599 886 1683 peciit
928 1598 1240 1663 confilium
1279 1602 1460 1663 trium
1487 1596 1747 1675 dierum,
1793 1600 1856 1663 in
1895 1620 2022 1684 quo
2066 1599 2253 1663 tercio
2277 1600 2535 1682 quadam
2561 1602 2745 1666 noste

701 1706 782 1749 ex
809 1688 998 1749 nimio
1021 1690 1288 1771 cogitatu
1331 1686 1721 1761 obdormivit,
1762 1686 1820 1750 ὅτ
1846 1708 2128 1769 apparens
2158 1686 2211 1749 ei
2246 1688 2519 1770 quaedam
2566 1686 2743 1752 femi-

701 1792 781 1835 na
819 1773 900 1836 fic
923 1776 1044 1837 ait:
1094 1782 1137 1810 ‘⁶
1166 1774 1458 1859 Agrippa,
1505 1773 1658 1855 qnid
1686 1776 1853 1857 agis?
1902 1774 1965 1837 in
1992 1794 2207 1855 magno
2220 1774 2487 1857 cogitatu
2518 1790 2583 1837 tn
2614 1782 2744 1839 es.”

702 1862 832 1945 Qi
861 1860 1158 1945 respondit
1179 1865 1256 1937 ei,
1304 1870 1347 1898 “
1379 1864 1525 1925 Sum
1550 1860 1854 1926 domina.'’
1896 1866 2055 1947 Qae
2074 1862 2154 1923 ait
2176 1861 2251 1935 ei,
2286 1868 2327 1896 “
2354 1858 2737 1940 Confortare,
2810 1898 2821 1911 ·

701 1953 749 1986 ‘⁴
781 1950 840 2011 8r
881 1948 1166 2031 promitte
1200 1950 1350 2012 mihi
1397 1950 1686 2031 templum
1718 1946 2017 2011 fastumm
2046 1949 2221 2031 quale
2264 1948 2373 2010 tibi
2398 1946 2736 2027 ostendem,

705 2040 750 2071 ‘⁴'
776 2036 835 2097 ὅτ
856 2037 992 2099 dico
1041 2036 1148 2099 tibi
1195 2036 1275 2099 fic
1311 2034 1424 2099 eris
1454 2035 1785 2098 victurus?
1871 2035 1997 2121 Qi
2027 2034 2199 2109 dixit,
2248 2042 2291 2071 ‘⁶
2318 2037 2487 2118 Quid
2517 2034 2739 2101 faciam

706 2126 752 2159 ‘⁶
781 2122 1027 2185 domina
1057 2128 1124 2185 ?”
1208 2127 1294 2186 At
1331 2121 1434 2185 illa
1461 2124 1521 2185 in
1562 2121 1683 2205 ipsa
1722 2122 1939 2188 vifione
1982 2120 2229 2184 ostendit
2278 2120 2386 2185 fibi
2416 2126 2737 2205 templum,

703 2214 750 2244 “
777 2210 839 2270 in
883 2210 1042 2273 hunc
1082 2209 1394 2287 modum,”
1463 2208 1688 2285 dicens,
1735 2218 1779 2249 ‘⁶
1808 2206 1989 2273 facies
2032 2210 2156 2272 id.”
2240 2210 2511 2295 Agrippa
2554 2210 2737 2289 dixit,

703 2300 750 2331 ‘⁶
777 2296 1062 2371 Domina,
1127 2298 1266 2381 quis
1308 2316 1371 2361 es
1411 2310 1476 2359 tu
1501 2300 1567 2357 ?’'
1608 2292 1941 2379 Respondit
1990 2298 2065 2370 ei,
2115 2302 2157 2331 “
2188 2296 2321 2379 Ego
2346 2292 2479 2359 sum
2508 2298 2737 2362 Cibiles

705 2387 755 2418 ‘⁶
778 2397 964 2446 mater
984 2384 1259 2449 deorum.
1345 2382 1513 2448 Offer
1534 2385 1687 2447 mihi
1718 2384 2016 2458 libamina,
2062 2383 2121 2447 &
2143 2386 2451 2465 Neptuno,
2494 2386 2602 2467 qui
2642 2384 2733 2449 est

698 2474 744 2505 “
773 2488 1024 2555 magnus
1053 2470 1222 2547 deus,
1268 2486 1340 2535 ut
1373 2487 1431 2534 te
1467 2472 1703 2555 adjuvet
1733 2471 1807 2533 ad
1836 2472 2122 2535 honorem
2152 2490 2349 2534 meum
2368 2472 2427 2533 &
2455 2472 2731 2554 Neptuni

699 2562 746 2592 “
775 2556 1131 2634 dcimarini,
1221 2558 1345 2621 uod
1392 2574 1587 2621 tecum
1615 2560 1855 2635 erimuS,
1900 2560 2173 2621 &vinces
2196 2576 2394 2621 omnes
2420 2558 2739 2623 rebelle3.'’

694 2644 966 2727 Agrippa
1003 2664 1142 2709 vero
1209 2666 1428 2729 urgens
1457 2646 1625 2708 laetus
1658 2648 1773 2709 hoc
1802 2646 2004 2708 retulit
2028 2646 2087 2708 &
2122 2646 2383 2707 recitavit
2414 2644 2475 2708 in
2505 2644 2727 2713 senatu.

693 2733 778 2793 Et
811 2730 1058 2795 universi
1107 2732 1281 2795 dictis
1313 2729 1429 2795 suis
1474 2734 1927 2814 adquieverunt.
2016 2732 2213 2817 Igitur
2254 2748 2392 2795 cum
2434 2748 2725 2817 apparatu

688 2818 934 2881 navium
956 2818 1014 2882 δε
1041 2819 1310 2904 quinque
1350 2818 1685 2903 legionibus
1729 2819 1837 2883 ivit
1882 2820 1943 2883 ὅτ
1968 2818 2115 2883 vicit
2162 2840 2365 2882 omnes
2396 2818 2613 2893 Persas,
2658 2822 2727 2883 ἃ

688 2902 1008 2987 posuiteos
1055 2907 1348 2971 annaliter
1393 2906 1501 2969 sub
1549 2906 1781 2970 tributo
1823 2909 2099 2970 Romano
2121 2902 2369 2970 senatui.
2462 2908 2727 2970 Rediens

683 2994 940 3056 Romam
981 2992 1271 3060 fecithoc
1317 2995 1629 3077 templum,
1674 2994 1731 3057 δε
1779 2993 2073 3057 dedicavit
2100 2994 2173 3055 ad
2206 2995 2495 3057 honorem
2540 2994 2727 3057 Cibe-

685 3078 784 3154 lis,
847 3084 1054 3144 matris
1103 3080 1374 3157 deorum,
1442 3082 1500 3144 ὅτ,
1544 3083 1835 3164 Neptuni,
1902 3082 1994 3143 dei
2038 3080 2274 3156 marini,
2346 3082 2405 3144 ὅτ
2445 3084 2723 3145 omnium

687 3166 960 3244 deorum,
1007 3168 1066 3232 δε
1095 3166 1287 3252 posuit
1317 3167 1458 3231 huic
1493 3168 1719 3251 templo
1746 3186 1965 3231 nomen
1997 3170 2275 3243 Panteon,
2322 3168 2379 3231 δε
2420 3168 2561 3231 fecit
2600 3168 2722 3231 sta-

687 3269 854 3317 tuam
899 3256 1118 3319 Cibelis
1161 3257 1520 3331 deauratam,
1566 3276 1753 3339 quarn
1802 3252 2000 3337 posuit
2038 3256 2101 3318 in
2129 3252 2355 3339 fastigio
2388 3256 2590 3338 templi
2618 3253 2721 3318 fu·

683 3360 794 3422 per
821 3340 1109 3419 foramen,
1155 3342 1464 3425 cooperuit
1505 3364 1633 3414 eam
1666 3342 1921 3405 mirifico
1950 3342 2213 3426 tegmine
2254 3360 2406 3405 aereo
2444 3344 2501 3403 δι
2530 3342 2719 3405 deau-

677 3444 832 3489 rato·
921 3429 1062 3491 Post
1089 3433 1280 3493 multa
1321 3450 1464 3491 vero
1518 3446 1781 3512 tempora
1826 3431 2031 3491 beatus
2063 3426 2399 3492 Bonifacius
2446 3446 2595 3513 papa
2624 3432 2717 3492 vi-

677 3514 916 3578 dens‘in
969 3509 1258 3599 templum
1315 3532 1444 3578 tam
1490 3516 1753 3579 terribile
1802 3516 2137 3580 dedicatum
2167 3518 2243 3579 ad
2296 3518 2579 3579 honorem
2606 3518 2714 3580 Ci-

676 3600 847 3677 belis,
919 3606 1122 3667 matris
1178 3604 1450 3677 deorum,
1520 3622 1657 3666 ante
1712 3604 1877 3686 quod
1934 3606 2283 3667 multociens
2325 3604 2359 3666 a
2402 3602 2715 3667 daemoniis

673 3691 1167 3771 percuciebantur
1197 3688 1538 3765 Christiani,
1584 3690 1619 3751 ’.ῗι
1645 3692 1797 3753 Foca
1848 3688 2095 3765 Caesare,
2142 3690 2501 3775 imperatore
2528 3690 2713 3753 Chri-

674 3774 884 3850 stiano,
933 3778 1206 3861 precibus
1232 3777 1498 3861 optinuit
1522 3777 1653 3840 dari
1689 3776 1794 3841 fibi
1816 3778 1935 3839 hoc
1964 3778 2273 3861 templum,
2320 3792 2390 3839 ut
2418 3776 2579 3840 ficud
2614 3790 2711 3859 3⁰·

671 3864 808 3927 Kar.
839 3864 1186 3928 Novembris
1226 3865 1568 3928 dedicatum
1616 3864 1735 3927 fuit
1786 3867 1862 3925 ad
1892 3865 2181 3928 honorem
2212 3866 2454 3937 Cibelis,
2501 3866 2714 3927 matris

619 3984 625 3987 ·
663 3950 922 4030 ‚deorum
957 3972 1346 4036 paganorum,
1393 3952 1472 4013 fic
1502 3952 1563 4014 id
1596 3952 1889 4033 templum
1904 3952 2271 4014 dedicaretur
2310 3952 2709 4033 30.·1(al.N0-

665 4037 926 4101 vembris
955 4041 1030 4101 ad
1075 4040 1370 4101 honorem
1416 4040 1605 4103 beatae
1634 4040 1836 4101 Mariae
1890 4037 2114 4121 semper
2146 4038 2413 4122 virginiS,
2458 4058 2596 4121 quae
2622 4036 2711 4103 est

661 4140 850 4189 mater
878 4125 1158 4191 omniurn.
1199 4126 1573 4203 Sanctorum,
1637 4126 1695 4188 &
1731 4126 1795 4187 in
1837 4126 2128 4191 honorem
2156 4126 2433 4191 omnium
2458 4124 2708 4189 sanae-

1341 4250 1370 4281 a
1405 4234 1498 4283 Sic.
1628 4231 1657 4283 b
1694 4234 1749 4285 F.
1778 4232 1989 4284 Perfidia.

741 4320 761 4350 s
2096 4326 2113 4363 ζ
2536 4320 2705 4365 rum·
