3017 4809
495 180 579 247 74

427 2300 434 2309 '
525 2300 682 2351 Bulla.

1133 164 1400 229 THE
1518 156 2417 230 PUBLISHER’S

783 285 1198 355 hereditariam
1243 301 1456 351 terram
1498 282 1661 349 suam
1692 282 1915 369 semper
1964 286 2029 348 in
2072 306 2138 350 x.
2184 286 2567 351 manentibus
2616 302 2811 355 unum

783 396 1104 459 pauperem
1133 390 1240 436 aut
1269 376 1631 457 indigenam,
1676 390 1779 435 aut
1812 374 2186 459 peregrinum
2216 375 2373 449 cibo,
2419 390 2589 459 potu,
2634 376 2811 439 vesti·-

778 478 985 527 mento
1011 460 1429 526 success'oribus
1457 458 1573 523 suis
1600 456 1790 545 usque
1826 462 1901 523 ad
1930 461 2208 525 ultimum
2238 460 2399 524 diem
2431 462 2645 541 judicii
2676 460 2809 545 pas·

777 572 910 613 cere
940 552 1234 632 praecepit.
1320 553 1411 611 Ira
1439 564 1637 610 tamen
1666 546 1708 611 fi
1737 546 1835 611 illa
1860 564 2013 611 terra
2040 547 2387 611 hominibus
2411 550 2469 612 δι
2495 552 2815 633 pecoribus

781 638 1165 711 habitaretur,
1210 634 1268 699 ἂ
1295 632 1519 699 deserta
1544 654 1663 697 non
1692 634 1847 700 esset.
1937 638 2145 697 Romae
2166 656 2413 718 quoque
2450 638 2613 700 omni
2640 658 2811 699 anno

779 725 846 787 id
880 722 1170 787 tributum
1219 722 1390 805 quod
1417 732 1441 760 ⁸
1465 720 1671 805 Anglii
1721 720 2077 787 Rome-schot
2127 740 2356 798 vocant,
2400 720 2445 787 s.
2492 719 2813 787 trescentas

779 810 1082 875 mancusas
1105 811 1501 882 denariorum,
1552 824 1781 891 portare
1812 811 2103 893 praecepit‚
2150 830 2287 892 quae
2318 809 2511 873 taliter
2538 813 2621 875 ibi
2650 811 2809 875 divi-

775 900 1076 973 derentur,
1121 896 1163 961 s.
1209 912 1454 960 centum
1471 894 1773 958 mancusas
1800 900 1860 959 in
1895 900 2177 959 honorem
2210 896 2409 959 Sancti
2437 902 2594 961 Petri
2621 894 2811 979 speci-

775 987 948 1049 aliter
975 986 1048 1047 ad
1077 978 1400 1048 emendum
1444 983 1652 1045 oleum
1694 1004 1821 1066 quo
1854 984 2214 1067 impleantur
2254 983 2456 1047 omnia
2484 984 2811 1049 luminaria

779 1073 942 1135 illius
984 1070 1316 1154 apostolicae
1355 1069 1609 1135 ecclefiae
1638 1072 1698 1133 in
1745 1067 1973 1219 vel¹j>era
2009 1067 2259 1145 Paschae,
2304 1072 2363 1133 ἃ
2405 1072 2711 1154 aequaliter
2736 1075 2807 1135 in

775 1158 916 1243 galli
963 1174 1186 1232 cantu3
1229 1159 1288 1221 δε
1313 1174 1556 1222 centum
1604 1177 1815 1221 mancu
1840 1180 1901 1220 as
1950 1158 2013 1221 in
2062 1158 2345 1220 honorem
2394 1158 2597 1223 Sanfti
2626 1161 2801 1225 Pauli

775 1244 1024 1329 apostoli
1053 1246 1262 1309 eadem
1288 1244 1365 1308 de
1400 1242 1592 1308 causa.
1639 1260 1887 1308 centum
1927 1242 2230 1308 mancusas
2274 1244 2587 1309 universali
2618 1266 2795 1330 papae

774 1333 1116 1416 apostolice.
1193 1336 1262 1395 In
1289 1333 1456 1395 omni
1483 1331 1731 1414 quidem
1758 1334 2111 1395 commercio
2142 1334 2351 1395 Romae
2380 1331 2536 1395 facia
2562 1333 2621 1396 &
2646 1332 2797 1397 faci·

771 1422 929 1485 enda
953 1416 1272 1483 ¹’mancusa
1315 1419 1375 1481 id
1403 1416 1486 1481 est
1509 1420 1677 1501 quod
1703 1439 1806 1501 30.
1882 1422 2057 1482 Tum
2096 1434 2233 1481 nota
2258 1422 2423 1501 quod
2455 1420 2496 1481 fi
2521 1418 2803 1483 mancusa

774 1529 884 1591 pro
911 1527 1110 1571 marca
1149 1507 1410 1589 ponitur,
1459 1522 1606 1569 tunc
1634 1520 1659 1551 0
1710 1508 1991 1591 oportet''
2042 1506 2285 1569 reddere
2331 1508 2577 1570 domino
2628 1528 2799 1591 papae

773 1599 982 1658 eccm.
1012 1614 1234 1657 marcas
1264 1596 1515 1676 argenti.
1565 1596 1625 1655 Si
1656 1614 1795 1656 vero
1820 1590 2094 1657 mancusa
2122 1588 2395 1657 scribitur
2424 1616 2534 1678 pro
2560 1615 2795 1672 manca,

775 1697 920 1745 tunc
941 1682 1117 1745 debet
1144 1680 1198 1744 ei
1227 1680 1444 1764 Anglia
1469 1678 1571 1763 36.
1600 1681 1629 1729 d
1658 1682 1837 1743 libras
1864 1682 1921 1745 δε
1944 1700 2015 1743 x.
2042 1702 2088 1743 s.
2140 1681 2197 1743 &
2222 1702 2344 1743 non
2376 1684 2630 1764 amplius
2661 1702 2798 1764 per-

771 1767 1009 1833 solvere.
1098 1770 1384 1831 Continet
1411 1788 1619 1831 manca
1660 1770 1725 1830 in
1774 1766 1829 1831 se
1856 1789 1982 1851 quo
2036 1768 2115 1829 ad
2146 1768 2433 1843 denarios,
2480 1784 2551 1831 ut
2576 1768 2802 1833 dicitur

771 1856 850 1921 ab
875 1856 1131 1939 antiquis
1157 1855 1215 1919 δι
1243 1854 1566 1930 modernis,
1612 1876 1931 1919 numerum
1960 1874 2064 1937 30.
2096 1854 2489 1919 dena-riorum.
2576 1858 2797 1921 Omnis

773 1959 977 2007 autem
1014 1945 1123 2027 qui
1149 1944 1360 2007 habuit
1389 1963 1490 2026 30.
1540 1941 1865 2007 denariatas
1892 1940 2041 2004 vivae
2070 1942 2333 2025 pecuniae
2372 1944 2434 2005 in
2464 1943 2650 2005 domo
2688 1940 2797 2007 sua

767 2030 846 2092 de
875 2028 980 2093 suo
1008 2030 1250 2113 proprio
1277 2033 1619 2115 Anglorum
1666 2031 1798 2113 lege
1824 2030 2005 2092 dabat
2033 2030 2342 2093 denarium
2372 2030 2573 2091 Sancti
2605 2033 2791 2105 Petri,

759 2116 971 2199 &lege
1001 2122 1314 2180 Danorum
1341 2121 1448 2199 qui
1478 2117 1793 2180 dimidiam
1820 2137 2103 2193 marcam,
2147 2118 2206 2181 δε
2252 2116 2355 2181 iste
2402 2115 2675 2181 denarius
2702 2116 2793 2181 est

759 2202 821 2267 ὅ(
860 2205 1082 2266 dicitur
1117 2202 1431 2267 elemofina
1481 2206 1651 2289 regis.
1680 2237 1941 2252 —----
1966 2205 2297 2287 Gregorius
2338 2202 2643 2287 episcopus
2670 2206 2787 2271 ὅτε.

763 2292 1040 2372 Qualiter
1086 2291 1360 2355 denarius
1413 2290 1609 2353 Sanfti
1638 2292 1796 2355 Petri
1844 2292 1952 2374 qui
2002 2292 2256 2354 debetur
2296 2312 2545 2355 camerae
2576 2290 2789 2355 nostrae

755 2376 1071 2459 colligatur
1097 2380 1158 2440 in
1191 2379 1427 2461 Anglia‚
1456 2378 1514 2440 &
1540 2390 1567 2422 e
1584 2379 1645 2441 in
1672 2378 1894 2461 quibus
1920 2376 2352 2461 episcopatibus
2378 2378 2437 2441 &
2458 2380 2631 2460 dyoc:
2680 2381 2789 2443 de-

757 2468 986 2539 beatur,
1029 2486 1101 2527 ne
1129 2463 1301 2549 super
1345 2466 1456 2529 hoc
1487 2466 1745 2531 dubitari
1772 2467 2100 2549 contingat,
2134 2464 2513 2548 praesentibus
2534 2463 2785 2531 fecimus

759 2552 1056 2627 annotari,
1117 2552 1265 2615 ficut
1309 2552 1373 2615 in
1411 2550 1659 2637 registro
1686 2551 1832 2615 sedis
1874 2552 2203 2635 apostolicae
2240 2552 2597 2617 continetur.
2686 2558 2787 2619 De

755 2644 935 2701 Cant:
966 2640 1137 2720 dyoc:
1169 2640 1288 2701 viii.
1340 2640 1446 2703 lib.
1483 2640 1542 2702 &
1580 2642 1675 2704 18.
1705 2637 1808 2703 sol.
1853 2638 2285 2725 sterlingorum.
2372 2642 2469 2703 De
2514 2642 2783 2706 London

752 2728 934 2805 >dyoc:
975 2728 1076 2790 16.
1109 2724 1128 2762 f
1149 2722 1248 2791 li.'¹
1273 2726 1330 2789 &
1365 2747 1436 2790 x.
1467 2725 1574 2790 sol.
1662 2730 1757 2790 De
1784 2724 2022 2790 Roffen:
2055 2728 2229 2808 dyoc:
2258 2748 2315 2792 v.
2344 2726 2408 2791 li.
2452 2728 2511 2790 &
2534 2728 2643 2794 xii.
2670 2727 2784 2797 sol.

755 2817 852 2877 De
877 2818 1159 2896 Norwycz
1190 2813 1363 2895 dyoc:
1407 2817 1535 2877 xxi.
1568 2813 1630 2878 li.
1674 2814 1733 2876 δε
1761 2834 1831 2877 x.
1861 2811 1964 2877 sol.
2052 2818 2147 2877 De
2179 2812 2408 2897 Elyens:
2440 2836 2498 2879 v.
2530 2816 2593 2878 li.
2682 2812 2785 2881 De

757 2898 1164 2983 Lyncolniens:
1187 2900 1350 2963 xtii.
1383 2900 1447 2964 li.
1540 2903 1635 2963 De
1655 2898 2012 2984 Cycestrenfi
2034 2900 2156 2965 viii.
2188 2902 2250 2964 li.
2338 2903 2436 2964 De
2458 2904 2785 2983 Wyntoni-

755 2989 872 3051 enfi
903 2992 998 3052 16.
1031 2990 1096 3050 li.
1120 2986 1200 3052 vi.
1231 2986 1336 3051 sol.
1367 2988 1424 3050 &
1447 2986 1570 3053 viii.
1594 2988 1658 3053 d.
1746 2992 1843 3052 De
1863 2988 2179 3052 Exonienfi
2200 2992 2395 3069 Dyoce
2426 2988 2510 3051 ix.
2542 2989 2607 3055 li.
2634 2991 2695 3053 &
2723 3013 2785 3055 v.

753 3074 860 3139 sol.
913 3074 1010 3138 De
1040 3073 1436 3157 Wigornienfi
1469 3075 1643 3157 dyoc=
1678 3094 1752 3139 x.
1800 3076 1867 3141 li.
1901 3076 1960 3137 δε
1984 3096 2043 3139 v.
2072 3072 2179 3141 sol.
2268 3079 2365 3139 De
2391 3076 2781 3143 Herfordcnfi

753 3164 832 3225 ,ι-ἰ.
875 3161 936 3225 li.
985 3168 1082 3225 De
1105 3161 1474 3225 Bathonienli
1505 3161 1609 3225 xii.
1642 3161 1705 3226 li.
1737 3162 1795 3225 &
1824 3182 1888 3227 v.
1926 3160 2031 3243 sol.
2076 3166 2171 3226 De
2195 3162 2601 3228 saresberiensi
2632 3168 2782 3231 xvii.

747 3250 810 3311 li.
901 3252 994 3313 De
1025 3248 1397 3313 Coventrenfi
1430 3270 1493 3313 x.
1530 3249 1595 3313 li.
1622 3250 1681 3312 ὃς
1708 3270 1764 3315 v.
1794 3246 1898 3316 sol.
1988 3253 2087 3313 De
2134 3248 2478 3313 Eboracensi
2506 3251 2593 3315 xi.
2626 3250 2689 3317 li.
2716 3252 2778 3317 δε

745 3356 805 3399 x.
845 3333 950 3399 sol.
1038 3339 1192 3399 Data
1224 3337 1388 3417 apud
1417 3338 1631 3402 urbem
1654 3352 1913 3399 veterem
1942 3356 2014 3401 x.
2042 3338 2179 3401 Kal.
2210 3342 2351 3419 May
2386 3338 2779 3421 pontificatus

745 3422 926 3485 nostri
949 3443 1106 3484 anno
1139 3420 1428 3497 secundo;
1471 3424 1531 3485 &
1566 3422 1644 3487 fic
1672 3439 1914 3506 apparet
1942 3423 2223 3507 express'e,
2270 3424 2439 3510 quod
2478 3422 2778 3493 subtilitas

745 3512 1172 3585 Romanorum,
1203 3529 1339 3593 quae
1365 3512 1450 3573 ita
1480 3508 1680 3575 subtili
1710 3510 1953 3595 ingenio
1980 3530 2193 3573 aurum
2222 3522 2543 3595 extorquet
2570 3513 2609 3574 ἐι
2636 3514 2775 3579 bar-

744 3595 922 3669 baris,
969 3616 1240 3659 mancam
1270 3595 1385 3660 five
1413 3594 1755 3661 mancusarn
1784 3602 1843 3661 in
1884 3619 2147 3661 marcam
2174 3596 2469 3662 subtiliter
2493 3619 2775 3665 commu·

744 3686 907 3757 tavit,
954 3702 1092 3745 cum
1122 3690 1148 3729 ⁸
1187 3688 1356 3747 cem.
1405 3684 1585 3748 libras
1617 3702 1761 3749 ccc.
1800 3704 2023 3747 marcas
2052 3705 2285 3748 certum
2328 3685 2399 3747 fit
2444 3688 2775 3759 continere.

743 3772 919 3833 Unde
951 3769 1194 3833 dimidia
1225 3791 1420 3835 marca
1441 3790 1581 3853 quae
1608 3769 1862 3855 superest
1900 3772 2198 3853 marsupio
2230 3774 2446 3855 poterit
2467 3774 2772 3855 deputari.

741 3861 920 3921 Nunc
935 3874 1135 3920 autem
1161 3878 1276 3919 uon
1296 3874 1531 3919 tantum
1555 3870 1760 3922 ccctae.
1780 3878 1993 3922 marcae
2004 3862 2346 3940 exiguntur,
2362 3857 2457 3922 sed
2472 3860 2779 3944 quicquid

737 3942 1038 4025 colligitur
1055 3943 1086 4005 a
1098 3946 1280 4018 curia,
1297 3944 1562 4027 exigitur
1582 3942 2011 4010 insaciabiliter.
2026 3950 2275 4009 Summa
2292 3946 2481 4010 tocius
2496 3948 2777 4013 ducentae

734 4030 920 4104 librae,
969 4029 1062 4093 sex
1091 4028 1280 4108 solidi,
1326 4033 1384 4094 &
1405 4032 1543 4093 οξὶο
1568 4033 1813 4099 denarii.

797 4178 824 4208 a
861 4163 945 4209 Sic.
1014 4161 1038 4209 ἱ·
1063 4162 1244 4210 Risit-m
1267 4161 1327 4225 est
1345 4164 1455 4227 quod
1487 4180 1560 4221 30.
1599 4165 1779 4213 denarii.
1816 4166 1932 4213 Tum
1955 4162 2047 4213 Ste-
2114 4178 2137 4211 c
2170 4166 2233 4212 Or
2256 4166 2359 4213 MS.
2424 4164 2456 4211 d
2496 4162 2631 4213 Libra
2656 4166 2772 4219 MS.

729 4244 754 4275 e
789 4228 844 4275 Ia
871 4228 1014 4293 pil-:ss
1037 4229 1080 4275 ι’.·ι
1121 4227 1424 4295 cpffcopatihus
1453 4230 1554 4277 MS.
1613 4229 1655 4292 f
1680 4230 1759 4279 Bis
1780 4230 1984 4283 occurrit
2022 4231 2071 4279 'm
2100 4230 2219 4280 MS,
2276 4246 2315 4297 g
2350 4234 2491 4283 CCtae.
2515 4230 2632 4281 libra
2658 4234 2771 4281 MS.

999 4313 1032 4358 ι
1311 4424 1314 4427 ἢ
2618 4302 2679 4381 §.
2706 4320 2774 4383 9.
