3017 4809
1143 214 1342 350 De
1378 192 1785 405 primo
1830 220 1965 345 V
1940 223 2447 355 alumine

781 511 1174 615 habeant
1293 522 1703 641 Veneres,
1837 520 2138 616 nativa
2252 514 2837 651 simplicitate

783 654 1629 755 commendatiores.
1772 654 1855 752 Si
1898 660 2097 791 quis
2168 692 2299 775 ea,
2372 682 2823 788 tanquam

777 792 1163 892 levicula
1257 804 1346 895 Sc
1431 794 1951 931 rejectanea,
2034 794 2409 929 sugillet,
2478 797 2824 889 memi-

779 934 1008 1029 nerit
1052 930 1227 1055 ille,
1328 969 1770 1063 magnum
1842 933 2042 1065 jam
2122 934 2475 1067 pridem
2522 936 2821 1030 Carn-

778 1070 1123 1168 denum
1203 1108 1391 1169 non
1469 1072 1721 1170 aliter
1766 1072 2337 1171 Britanniam
2402 1072 2652 1167 snam
2704 1107 2818 1166 e-

777 1207 1119 1326 didisse,
1207 1246 1484 1342 quam
1556 1232 1662 1306 ut
1710 1206 2235 1307 limatisfimi
2294 1213 2577 1342 operis
2626 1212 2819 1305 Re-

775 1336 1094 1479 liquias
1137 1354 1408 1443 etiam
1491 1382 1679 1445 non
1745 1347 2450 1449 contemnendas
2512 1344 2813 1483 poste-

777 1488 1016 1581 ritati
1095 1483 1683 1583 transmiserit.
1864 1491 1988 1581 Ut
2064 1488 2308 1581 enim
2399 1488 2496 1581 in
2578 1520 2812 1581 auro

777 1619 1290 1739 formand0‚
1377 1622 1861 1757 gemmisve
1911 1621 2484 1755 expoliendis,
2562 1622 2811 1720 scobs

775 1770 866 1859 &c
939 1758 1505 1893 praesegmina
1589 1766 1973 1896 pretium
2054 1758 2377 1877 serunt,
2496 1763 2620 1857 ita
2710 1770 2807 1859 δε
2916 1852 2927 1861 .

774 1894 929 1995 hic
973 1894 1134 1998 fit:
1255 1936 1549 2033 neque
1636 1896 1893 1997 facile
1975 1901 2169 2031 quis
2247 1924 2504 1996 tanto
2580 1935 2804 1996 cum

773 2036 1123 2135 deledtu
1191 2028 1649 2135 historiam
1714 2036 2243 2153 condiderit,
2355 2040 2575 2171 quin
2620 2039 2803 2134 ssu-

774 2170 1042 2305 perfit
1133 2175 1467 2307 aliquid
1564 2178 1795 2271 inter
1878 2174 2379 2307 quisquilias
2470 2184 2557 2274 Sc
2643 2212 2804 2272 ru-

770 2310 1011 2429 dera,
1099 2314 1347 2445 quod
1425 2316 1909 2409 Lefiorum
2000 2310 2225 2409 forte
2263 2348 2455 2409 non
2525 2350 2803 2411 nemo

765 2453 1394 2583 praeoptaverit.
1578 2456 2136 2581 Qanquam
2222 2478 2559 2570 autern,
2696 2452 2801 2547 in
2924 2542 2937 2549 -

767 2584 1272 2684 evolvendis
1332 2614 1839 2687 exterorum
1914 2582 2358 2704 historiis.
2407 2587 2531 2685 nil
2602 2584 2799 2718 nist

761 2724 1082 2855 Reges,
1157 2730 1245 2823 δι’
1305 2726 1641 2859 proelia,
1714 2734 1800 2823 δε
1874 2722 2485 2854 augustiffima
2553 2760 2799 2857 quas·-

763 2896 945 3094 pue
991 2862 1542 2995 deposcimus
1582 2904 1605 2960 ε
1730 2864 1845 2958 de
1892 2862 2192 2959 Patria
2274 2888 2580 2959 tamen
2628 2899 2797 2957 ne-

795 3002 942 3094 cio
988 3034 1182 3131 quae
1253 3014 1412 3099 n0s
1481 3002 1768 3131 tangit
1826 3002 2244 3095 curiofior
2314 2998 2641 3096 sciendi
2686 2999 2799 3096 li-

764 3134 980 3235 bido
1009 3176 1041 3255 3
1182 3136 1549 3273 ipsaeque
1652 3174 1948 3235 rerum
2044 3139 2453 3233 Minutiae
2556 3138 2793 3235 adeo

765 3308 952 3371 non
1047 3269 1400 3375 fastidio
1487 3276 1718 3393 sunt,
1794 3304 1895 3371 ut
1986 3274 2196 3406 saepe
2285 3278 2382 3371 in
2452 3272 2788 3371 deliciis

761 3408 1283 3511 habeantur.
1433 3422 1983 3513 Humanum
2032 3449 2354 3547 nempe
2400 3410 2575 3508 hoc
2624 3410 2785 3531 est,

760 3574 867 3647 ut
952 3584 1176 3683 aegre
1257 3554 1709 3689 patiamur
1794 3588 1951 3646 nos
2036 3555 2555 3685 quicquam·
2618 3586 2786 3647 ne-

757 3684 976 3784 scire
1044 3688 1163 3785 de
1251 3696 1350 3791 iis
1396 3728 1591 3824 quae
1671 3724 2100 3785 amemus.
2238 3696 2450 3818 Qo
2500 3691 2788 3821 magis

753 3818 886 3921 sas
973 3820 1133 3950 est,
1242 3854 1345 3928 ut
1435 3820 1840 3925 Lectores
1920 3822 2081 3925 fibi
2161 3862 2346 3925 non
2432 3829 2788 3957 iniquos

749 3956 1278 4099 polliceatur
1355 3964 1506 4069 hic
1574 3966 1815 4065 liber.
1991 3972 2199 4065 Nec
2276 3966 2539 4201 enin}
2572 3970 2791 4061 Pra·
2884 4092 2889 4097 ἡ

2024 4151 2045 4160 ·
2516 4138 2791 4205 lnum
