3017 4809
412 196 539 265 266

702 338 1117 467 virum
1142 344 1521 471 amici
1605 385 1984 472 imum
1995 374 2222 513 per
2239 344 2746 473 litteras·

698 514 1163 685 rogavi,
1234 548 1369 641 ut
1396 562 1479 642 a
1600 559 1823 663 me,
1868 510 2310 645 Oxonii
2335 520 2748 691 degen-

701 716 985 829 tem,
1046 686 1493 863 sifieri
1545 685 1934 865 peffet,
2035 686 2418 816 libelli
2461 734 2547 815 a
2537 726 2746 861 po-

679 856 1285 1029 graphum
1343 868 2072 991 mitteretur.
2227 860 2503 991 Nec
2561 866 2743 989 in·

688 1030 1131 1205 caffum
1174 1035 1530 1203 petii.
1673 1033 2022 1162 Nam
2039 1030 2464 1207 paullo
2486 1038 2742 1208 post

693 1208 1312 1378 exemplar
1394 1204 1785 1381 ipsum
1861 1204 2420 1383 excusum
2497 1236 2732 1337 me-

682 1418 966 1505 cum
1033 1379 1969 1507 communicavit
2025 1369 2465 1507 RAWL
2495 1408 2546 1507 1
2576 1410 2734 1509 N*

692 1592 1232 1699 SONUS,
1268 1550 2206 1725 moribus-suavi
2250 1540 2508 1680 imis
2545 1596 2728 1681 or·

684 1757 1090 1875 natus,
1136 1724 1285 1855 &³
1308 1726 1774 1854 virtute
1783 1727 2125 1902 fingu
2177 1722 2384 1851 ari
2403 1753 2727 1897 prce-

678 1900 1051 2046 ditus,
1118 1899 1323 2061 qui
1380 1898 1750 2025 etiam
1789 1901 1948 2023 mi
1956 1898 2086 2023 hi
2116 1890 2726 2075 fignificaf,

676 2076 877 2198 ‘vit
913 2066 1045 2237 se
1100 2066 1397 2197 hunc
1434 2073 1568 2196 in
1605 2064 2006 2243 finem,
2051 2102 2189 2197 ut
2221 2074 2298 2198 a*
2334 2074 2506 2198 ine
2539 2112 2726 2243 ref·

670 2244 1337 2391 cuderetur,
1385 2242 1546 2369 ab
1565 2244 1980 2369 Amico
1989 2240 2252 2419 suc,
2281 2242 2714 2397 docf‘tsri·

666 2458 835 2539 ua
896 2414 1047 2547 &⁹
1104 2414 1850 2545 humanitate
1881 2418 2506 2585 preclara,
2573 2415 2702 2547 P.

668 2588 881 2717 VL
906 2626 995 2715 A
1018 2632 1122 2715 M
1150 2634 1195 2714 1
1220 2632 1315 2712 N
1346 2632 1420 2715 G
1450 2631 1533 2717 o
1686 2588 2722 2768 Amstelodamenst

664 2794 1063 2891 mutuo
1129 2760 1728 2936 accepistin·
1916 2762 2706 2932 Exploratum

663 2932 1029 3063 habes
1072 2934 1381 3061 unde
1424 2942 1626 3063 hoc
1663 2932 2426 3063 AuHarium.
2545 2936 2712 3063 ll«

656 3110 882 3236 lud
930 3110 1299 3282 restat
1359 3140 1498 3233 ut
1512 3102 2058 3277 fruaris,
2165 3104 2702 3282 virisque

504 3394 509 3404 .
658 3282 1219 3429 eruditis,
1282 3278 1707 3444 quibus
1765 3278 2336 3430 debemus,
2407 3324 2696 3455 gra·-

654 3452 767 3579 ti
772 3496 917 3577 as
1021 3454 1734 3583 immortales
1833 3492 2251 3579 mecum
2353 3497 2692 3623 agas.

654 3631 774 3750 E
766 3668 851 3757 x
921 3628 1265 3751 Aula
1348 3630 1461 3749 E
1454 3625 1926 3751 dmaudi
2001 3626 2052 3748 i
2053 3666 2132 3749 n
2213 3628 2693 3752 Acadess

647 3802 891 3923 mia
878 3794 1569 4096 DOxonifnfi
1595 3794 2242 3929 Februarii
2285 3801 2688 3963 quinto

644 3978 814 4099 A.
1010 4074 1034 4099 .
1109 3986 1366 4143 1733.
2333 4044 2340 4051 ·
