3017 4809
21 0 32 183 l

22 264 25 473 g

425 184 1236 257 PRAELIMINARY
1309 144 2161 255 oBsER'VATmNS.

289 327 445 375 rum.
535 315 620 375 Et
649 332 804 395 papa
833 330 984 374 cum
1025 314 1304 375 Romano
1345 309 1575 395 populo
1612 313 1671 374 in
1702 310 1801 374 die
1840 312 1976 375 Kal:
2008 308 2336 375 Novembr:

286 398 572 461 dedicavit
611 401 674 461 &
705 400 936 474 statuit,
987 416 1054 461 ut
1099 400 1162 460 in
1215 398 1320 461 illo
1347 400 1446 462 die
1489 402 1794 463 Romanus
1822 397 2091 481 pontifex
2116 398 2199 461 ibi
2226 420 2321 461 ce-

275 484 521 549 lebraret
573 486 829 559 mistam,
899 488 962 547 ec
1005 486 1259 569 populus
1309 490 1623 549 Romanus
1662 488 1951 569 acciperet
1993 506 2209 569 corpus
2254 488 2319 549 ἔτ

271 568 614 655 sanguinem
659 574 904 635 domini
957 572 1134 637 nostri
1179 571 1352 653 Jhesu
1399 572 1646 649 christi,
1692 572 1857 635 sicud
1900 576 1965 635 in
1996 574 2095 636 die
2129 573 2313 637 natali

265 658 508 735 domini,
555 660 618 722 δε
662 663 732 722 in
761 662 874 721 isso
929 662 1024 721 die
1069 680 1274 722 omnes
1311 658 1510 723 Sancti
1564 661 1625 723 δε
1672 662 1903 729 Sancite
1946 680 2091 723 cum
2128 674 2315 724 matre

267 746 506 809 Domini
548 748 774 809 San-{ia
805 752 998 810 Maria
1025 746 1272 830 virgine,
1328 749 1388 809 8τ
1430 744 1765 811 coelestibus
1794 746 2095 831 spiritibus
2135 746 2317 811 habe·

263 853 387 895 rent
407 832 827 907 festivitatem,
875 836 936 897 ἃ
967 838 1026 897 in
1079 833 1339 916 sequenti
1373 835 1472 899 die
1501 856 1615 917 pro
1660 834 1951 921 defunclis
1996 856 2104 919 per
2129 834 2317 898 eccle-

259 918 366 983 fias
395 920 595 983 tocius
627 924 848 984 mundi
897 924 1062 985 fieret
1105 919 1454 985 sacrificium
1489 944 1595 1003 pro
1642 921 2051 1005 redemptione
2080 920 2311 985 anima·

255 1026 392 1070 rum
417 1007 1026 1071 stiarum.----·1n
1065 1030 1422 1092 unaquaque
1452 1008 1743 1091 sepultura
1772 1008 2141 1093 imperatoris
2172 1007 2313 1072 sunt

257 1094 442 1157 literae
483 1098 760 1159 dicentes
811 1096 914 1167 ita,
979 1106 1020 1131 “
1051 1100 1194 1159 Haec
1239 1096 1372 1159 sunt
1424 1097 1561 1171 offa,
1608 1098 1773 1172 cinis,
1814 1096 1873 1159 δι
1918 1116 2143 1161 vermes
2192 1096 2304 1161 im-

261 1188 304 1216 “
335 1184 656 1264 peratoriS,
717 1184 778 1243 8c
827 1182 1068 1245 vieroria
1123 1204 1300 1265 quam
1345 1184 1626 1247 fect-rat.”
1714 1187 1875 1245 Ante
1917 1205 2070 1267 quos
2112 1180 2303 1247 statua

253 1286 400 1330 oerea
429 1273 492 1331 &
513 1271 805 1330 deaurata
827 1268 920 1331 dei
953 1268 1059 1331 sui.
1153 1274 1220 1332 ln
1245 1273 1442 1333 medio
1469 1269 1752 1353 sepulchri
1775 1286 1897 1333 erat
1917 1267 2165 1346 abscide,
2196 1270 2303 1333 ubi

255 1353 404 1439 saepe
449 1355 700 1419 sedebat
729 1356 1118 1427 Octavianus,
1165 1359 1366 1440 ibique
1395 1376 1559 1421 erant
1602 1356 1931 1419 sacerdotes
1980 1356 2171 1421 officia
2199 1356 2301 1421 sua

257 1444 675 1505 decantantes,
771 1448 866 1505 De
893 1446 1168 1505 omnibus
1200 1447 1389 1528 regnis
1443 1446 1633 1508 tocius
1659 1444 1817 1507 orbis
1837 1444 1999 1525 jussit
2020 1444 2301 1509 octovia-

257 1550 370 1592 nus
399 1531 610 1593 venire
635 1533 958 1593 cirotecam
989 1552 1160 1593 unam
1185 1532 1258 1593 de
1291 1548 1444 1596 terra
1476 1534 1669 1617 plena,
1714 1552 1865 1615 quas
1906 1531 2099 1615 posuit
2128 1531 2303 1615 super

261 1620 588 1698 templum,
673 1634 742 1679 ut
785 1619 960 1681 ess'ent
1020 1622 1078 1681 in
1145 1620 1430 1683 memoria
1493 1622 1553 1683 8<
1614 1620 1675 1683 in
1720 1620 1885 1704 signo
1928 1619 2305 1701 subjeciionis

251 1709 544 1767 minibus
579 1706 866 1789 gentibus
901 1707 1158 1768 Romam
1191 1708 1583 1781 venientibus,
1629 1706 1689 1769 &
1728 1707 1896 1787 quod
1928 1728 2137 1771 omnes
2165 1726 2305 1789 pro·-

255 1790 468 1854 vinciae
499 1791 720 1855 mundi
747 1810 910 1855 erant
945 1795 1268 1856 tributariae
1300 1799 1535 1867 Romae,
1582 1796 1643 1856 &
1670 1794 1835 1877 quod
1866 1793 1985 1875 ipse
2020 1804 2043 1830 ²
2070 1812 2303 1857 monar-

257 1878 459 1941 chiam
507 1883 724 1951 tenuit,
783 1881 842 1941 δι
887 1881 1320 1962 rempublicam
1361 1880 1691 1965 ampliavit,
1750 1882 1811 1941 in
1854 1882 2023 1960 cujus
2068 1880 2304 1963 signum

245 1962 398 2029 fecit
427 1966 808 2029 Ociovianus
853 1968 1172 2050 imperator
1211 1970 1523 2051 quoddam
1570 1966 1889 2040 castellum,
1934 1970 2101 2049 quod
2132 1986 2305 2029 voca·

259 2066 356 2115 tur
403 2072 464 2119 2.
489 2052 862 2137 Augustum,
908 2058 1012 2117 ubi
1061 2054 1114 2117 se
1156 2058 1513 2140 colligebant
1556 2058 1956 2138 imperatores·

256 2140 626 2223 Eatulphur„
675 2150 778 2202 rex
818 2140 1283 2218 westsaxonum,
1317 2146 1605 2207 decimam
1658 2158 1882 2225 partem
1913 2141 2103 2203 tocius
2134 2141 2301 2224 regni

259 2223 344 2289 fui
391 2232 472 2291 ab
519 2230 690 2290 omni
737 2229 914 2311 regali
963 2226 1203 2293 servicio
1251 2232 1308 2293 &
1339 2232 1568 2294 tributo
1624 2230 1913 2305 liberavit,
1962 2227 2111 2291 &in
2150 2224 2297 2290 sem-

259 2313 498 2395 piterno
525 2315 779 2409 graphio
821 2316 882 2379 in
927 2338 1168 2379 crucem
1213 2318 1441 2381 domini
1469 2316 1689 2380 Christi
1727 2337 1835 2399 pro
1884 2314 2301 2397 redempcione

257 2404 472 2465 animae
519 2406 638 2468 {uae
664 2403 724 2464 <Sc
771 2402 1192 2466 antecessorum
1219 2401 1466 2469 suorum
1496 2404 1599 2466 uni
1644 2405 1703 2467 &
1744 2404 1895 2467 trino
1920 2403 2037 2467 deo
2074 2400 2310 2465 immo··

2524 204 2609 271 73

258 2488 425 2563 lavit,
473 2474 676 2572 sicque
705 2510 926 2574 magno
955 2510 1090 2553 cum
1125 2492 1348 2555 honore
1380 2491 1637 2575 perrexit
1660 2492 1933 2565 Romam,
1980 2491 2293 2574 filiumque
2312 2493 2587 2549 Romesoor.

253 2571 436 2640 suum
465 2576 833 2652 Eam-edum,
880 2599 1066 2660 quem
1096 2580 1226 2659 plus
1254 2578 1460 2642 ceteris
1485 2580 1714 2653 dilexit,
1746 2579 1809 2641 in
1838 2581 2039 2641 eadem
2071 2579 2165 2639 via
2184 2580 2293 2643 ite-

253 2683 396 2726 rum
417 2661 618 2727 secum
647 2665 892 2739 ducenS,
925 2664 1010 2727 ibi
1033 2684 1186 2727 anno
1202 2666 1434 2749 integro
1458 2682 1721 2733 moratus
1741 2664 1841 2740 est,
1872 2664 1953 2727 est
1974 2664 2295 2741 tributum,

253 2752 424 2833 quod
457 2754 522 2813 in
557 2750 780 2834 Anglia
809 2752 986 2813 hodie
1015 2749 1046 2796 b
1075 2752 1424 2834 pensitatur,
1473 2752 1693 2815 saneto
1738 2756 1915 2815 Petro
1942 2752 2165 2835 optulit
2193 2774 2295 2816 co-

251 2856 384 2901 ram
415 2842 622 2900 Leone
651 2859 804 2921 papa
831 2845 926 2915 4⁰.
1021 2841 1132 2901 Sed
1157 2840 1211 2901 δι
1242 2838 1459 2903 scolam
1485 2840 1841 2924 Anglorum,
1888 2860 2043 2923 quae,
2086 2853 2155 2900 ut
2178 2837 2292 2901 fer·

250 2938 370 3000 tur,
419 2928 502 2988 ab
523 2922 728 3007 ofpha
767 2946 908 3007 rege
933 2927 1289 2989 Mer-ciorum
1323 2928 1597 3011 primitus
1636 2930 1840 2989 Rornae
1870 2926 2133 2990 instituta
2160 2922 2291 2988 fue-

250 3027 364 3087 rat,
397 3032 542 3095 quae
569 3015 756 3083 etiam
777 3014 1052 3094 proximo
1078 3034 1234 3076 anno
1263 3014 1747 3097 conflagraverat,
1778 3016 2085 3097 reparavit.
2145 3014 2294 3075 Inde

249 3100 516 3163 domum
563 3120 670 3183 per
710 3098 938 3162 Gallias
977 3103 1298 3183 repatrians
1341 3101 1578 3180 judith,
1650 3099 1837 3163 filiam
1880 3098 2080 3161 Karoli
2126 3100 2303 3165 Calvi*

251 3186 408 3270 regis
456 3190 845 3261 Francorum,
892 3190 954 3249 in
990 3190 1302 3269 conjugem
1350 3185 1613 3270 sumpsit,
1670 3188 1731 3249 Sc
1776 3184 1973 3250 secum
2018 3184 2291 3269 adduxit.

253 3274 430 3337 Vixit
454 3276 662 3357 itaque
695 3278 1008 3357 postquam
1035 3276 1110 3337 de
1149 3278 1344 3338 Roma
1373 3274 1549 3338 rediit
1576 3294 1681 3337 rex
1704 3274 2031 3357 Eatulphus
2054 3273 2293 3335 duobus

249 3363 440 3435 annia,
486 3363 554 3423 in
595 3362 818 3445 quibus
864 3364 1020 3423 inter
1059 3362 1171 3425 alia
1201 3364 1390 3425 multa
1421 3360 1717 3446 praesentis
1744 3364 1879 3424 vit‘ae
1912 3362 2069 3424 bona
2094 3360 2291 3424 studia

248 3448 524 3532 mgitans
549 3448 627 3509 de
651 3446 758 3511 suo
783 3450 855 3509 ad
881 3448 1274 3513 universitatis
1313 3454 1468 3513 viam
1501 3450 1767 3523 transitu,
1816 3470 1889 3511 ne
1912 3450 2014 3511 filii
2045 3446 2130 3513 sui
2162 3446 2293 3531 post

245 3536 436 3619 patris
461 3538 708 3598 obitum
751 3536 1016 3598 indebite
1064 3538 1218 3599 inter
1265 3537 1320 3599 se
1347 3536 1735 3621 disceptarent
1780 3537 2017 3599 heredes
2062 3535 2293 3599 heredi·

247 3625 461 3686 &ariam
511 3620 762 3685 scribere
823 3623 1133 3705 imperavit
1177 3624 1502 3707 epistolam,
1551 3624 1617 3687 in
1655 3644 1775 3705 qua
1818 3625 1883 3685 δι’
1906 3624 2069 3706 regni
2118 3622 2295 3686 situm

245 3709 532 3791 adquifiti
566 3712 626 3772 &
669 3728 886 3772 terram
919 3708 1178 3773 dividere
1227 3713 1382 3775 inter
1421 3714 1572 3775 filios
1604 3710 2065 3781 Eathelbaldum
2086 3710 2145 3771 8c
2176 3712 2290 3771 Ea·

246 3798 642 3871 theiberturn,
687 3798 746 3860 δε
777 3800 1030 3881 propriae
1063 3800 1403 3861 hereditatis
1429 3802 1581 3863 inter
1616 3797 1771 3861 filios
1798 3798 1855 3861 &
1884 3796 2085 3871 filiam,
2132 3796 2192 3857 &
2228 3798 2291 3859 in

243 3884 630 3967 propinquos
663 3885 968 3967 pecuniam
1001 3906 1140 3967 quae
1171 3884 1512 3968 superesset:
1557 3887 1711 3948 inter
1734 3884 2089 3958 animam&
2110 3882 2289 3959 filios,

239 3972 306 4035 δι’
337 3972 576 4034 nobiles
609 3970 744 4033 suos
791 3972 1133 4035 divisionem
1185 3973 1595 4037 ordinabiliter
1632 3972 1815 4035 literis
1844 3974 2123 4034 mandare
2153 3992 2289 4053 pro-

241 4059 506 4121 curavit.
579 4062 696 4121 Pro
735 4058 996 4123 utilitate
1035 4079 1294 4143 namque
1323 4064 1537 4123 anima:
1567 4056 1703 4133 suae,
1735 4080 1921 4143 quam
1946 4059 1983 4121 ἐι
2011 4062 2297 4141 primaevo

244 4144 368 4210 suae
395 4148 722 4227 juventutis
749 4145 892 4210 flore
921 4147 982 4209 in
1003 4148 1280 4211 omnibus
1298 4167 1615 4231 procurare
1639 4146 1888 4224 studuit,
1929 4168 2033 4231 per
2052 4164 2295 4207 omnem

515 4286 524 4295 ⁶
725 4304 756 4340 a
791 4288 1144 4341 Monarcbinam
1167 4292 1280 4341 MS.
1347 4288 1372 4337 b
1415 4286 1618 4357 Penfitat
1640 4290 1743 4339 MS.

333 4358 514 4422 Vox..
547 4360 662 4423 VI.
1315 4359 1376 4421 K
2066 4348 2297 4415 heredi-
