3017 4809
443 146 1014 230 PRAEmMm
1033 144 1240 210 ARY
1313 144 2151 217 OBSERVATIONS.

289 281 408 345 ⁸⁸&
431 279 582 345 state
621 282 690 343 in
727 276 1004 362 spelunca
1035 274 1190 341 infra
1219 297 1444 351 muros,
1487 276 1549 339 8r
1574 276 1871 363 quicquid
1914 279 2085 344 vobis
2122 280 2333 347 dixero

294 374 336 402 “
361 366 658 433 faciatis?
749 367 1030 449 Armiger
1071 386 1215 427 vero
1259 360 1517 427 ascendit
1538 368 1859 467 quendam
1888 387 2113 449 equum
2143 372 2331 431 maxi·

287 476 442 519 mum
487 454 618 519 sme
647 450 814 527 sella,
861 448 1192 535 tollensque
1218 448 1432 515 falcem
1458 453 1643 515 exivit
1688 450 1843 515 foras
1891 468 2169 535 tanquam
2198 457 2329 519 her·

287 542 418 605 bam
441 539 716 617 falcata,
766 538 1038 623 viditque
1063 560 1269 624 regem
1305 540 1380 602 ad
1422 540 1692 601 arborem
1721 538 1917 603 venire
1944 561 2059 623 pro
2091 544 2329 607 necessa·

281 627 697 701 riofaeiendo,
769 629 834 691 in
877 630 1052 708 cujus
1099 628 1356 689 adventu
1409 626 1753 709 coconagia,
1829 648 1969 709 quae
2020 628 2079 689 iu
2120 630 2329 693 arbore

279 711 534 793 sedebat,
579 715 896 779 cantabat.
985 714 1095 777 Ille
1121 733 1264 775 vero
1287 712 1567 775 accedens
1598 714 1839 797 propius
1864 712 2183 796 postquam
2210 719 2327 781 hoc

275 803 422 865 vidit
447 824 668 887 regem
695 800 882 885 cepit.
971 800 1132 863 Socii
1159 820 1320 876 vero,
1363 798 1472 883 qui
1495 816 1663 863 erant
1690 820 1833 863 cum
1860 822 2021 885 rege,
2052 820 2325 885 putantes

273 886 444 951 illum
483 890 604 953 effi:
657 890 744 953 de
790 884 908 950 suis
953 902 1269 983 coeperunt
1317 885 1587 961 clamare,
1684 892 1897 950 ‘eme
1944 906 2021 963 te,
2086 890 2319 965 rustice,

306 980 486 1040 ‘ante
511 996 753 1074 regern,
797 976 968 1057 quod
997 972 1284 1039 faciemus
1317 990 1376 1035 te
1406 971 1673 1055 suspendi
1706 974 1747 1037 si
1774 978 2031 1059 tetigeris
2064 975 2321 1075 ipsuml’

269 1062 379 1123 Sed
417 1064 526 1127 ille
553 1062 628 1147 sp
631 1062 780 1125 retis
823 1062 1106 1125 omnibus
1141 1080 1264 1145 prae
1285 1058 1636 1123 fortitudine
1666 1058 1705 1123 s
1695 1084 1766 1123 aa
1800 1083 2017 1145 regem,
2062 1064 2173 1146 qui
2194 1086 2321 1129 erat

271 1150 686 1232 ‘pemiffimae
713 1148 970 1223 staturae,
1023 1168 1204 1211 manu
1247 1145 1549 1211 sublevans
1580 1144 1794 1230 super
1770 1166 2113 1228 jumentum
2144 1149 2317 1215 suum

269 1232 494 1318 posuit,
534 1237 600 1300 ἃ,
629 1233 794 1319 fugit
821 1236 898 1299 ad
929 1236 1164 1311 urbem,
1206 1232 1440 1299 fortiter
1463 1236 1717 1297 clamans
1764 1236 1837 1297 ad
1882 1237 2149 1299 homines
2172 1241 2317 1303 civi·

267 1326 420 1399 tatis,
472 1325 739 1387 “Exite
765 1320 947 1396 foras,
990 1324 1047 1385 &
1073 1322 1380 1387 interficite
1418 1321 1743 1385 exercitum
1776 1324 1947 1407 regia,
1988 1326 2156 1405 quod
2182 1346 2317 1389 ecce

251 1370 1757 1581 32,³¹21522mm203332¹1123¹²²·R0322522532‘03231232
1781 1410 2095 1581 ε’,ῖεξῑςζε
2104 1412 2317 1563 ‘51¹3‘

265 1600 403 1648 mut
431 1584 490 1648 ei
521 1586 868 1668 pecuniam,
911 1582 969 1647 &
993 1580 1261 1647 fecerunt
1307 1584 1358 1645 ei
1403 1585 1759 1646 memoriam
1801 1606 2031 1667 equum
2080 1608 2307 1651 aereum

265 1668 382 1735 fine
409 1667 554 1735 sella
580 1672 642 1735 &
675 1671 1056 1746 deauratum,
1107 1666 1232 1753 ipso
1268 1666 1515 1751 desuper
1562 1669 1795 1733 sedente
1834 1670 2073 1735 extensa
2122 1695 2309 1737 manu

262 1758 510 1822 dextera
541 1780 669 1843 qua
709 1776 950 1839 ceperat
975 1777 1132 1832 eum,
1178 1758 1237 1819 &
1279 1755 1342 1819 in
1379 1756 1575 1840 capite
1602 1756 1743 1841 equi
1785 1756 2107 1839 posuerunt
2134 1780 2317 1824 coco·

263 1846 542 1947 nagium,
572 1845 652 1907 ad
681 1846 854 1925 cujus
879 1860 1124 1907 cantum
1151 1842 1453 1907 victoriam
1473 1844 1711 1915 fecerat,
1742 1842 1867 1925 ipsu
1852 1866 2053 1927 mque
2084 1868 2307 1929 regem,

259 1934 364 2015 qui
395 1954 584 2015 parva
615 1930 858 2015 persona
888 1928 1104 2006 fuerat,
1147 1946 1306 1993 retro
1337 1931 1531 2013 ligatis
1564 1932 1833 1993 manibus
1864 1930 2013 1993 sicut
2040 1954 2184 1995 eum
2208 1956 2307 1997 ce-

261 2036 451 2101 perat,
497 2016 616 2083 sub
645 2020 874 2101 ungula
899 2017 1042 2101 equi
1071 2018 1488 2081 memorialiter
1519 2018 1909 2081 collocarunt.

265 2103 620 2169 Colloseum
647 2103 771 2167 fuit
802 2108 1092 2189 templum
1123 2100 1254 2168 solis
1283 2106 1525 2178 mirum,
1573 2101 1850 2167 maximis
1884 2104 1941 2167 &
1974 2106 2303 2188 pulcherri-

261 2195 374 2255 mis
405 2191 656 2257 diversis
693 2194 1004 2256 camerulis
1047 2192 1416 2275 adaptatum,
1460 2192 1629 2276 quod
1661 2206 1853 2255 totum
1902 2208 2027 2255 erat
2052 2214 2303 2278 cooper-

263 2294 394 2343 tum
425 2300 586 2343 aereo
629 2281 790 2343 coelo
821 2279 880 2343 δε
907 2278 1206 2356 deaurato,
1251 2278 1359 2343 ubi
1389 2282 1671 2353 tonitrua,
1719 2280 1778 2341 &
1810 2279 2073 2365 fulgura,
2112 2282 2173 2344 &
2198 2302 2303 2347 co-

259 2362 628 2431 ruscaciones
671 2366 916 2441 fiebant,
989 2366 1047 2429 &
1087 2386 1188 2448 per
1235 2362 1477 2429 subtiles
1524 2366 1743 2429 fistulas
1788 2368 1999 2450 pluviae
2042 2364 2074 2415 b
2098 2368 2303 2433 mitte·

258 2452 506 2517 bantur.
595 2456 668 2517 In
695 2454 896 2517 medio
925 2454 1208 2526 Phoebus,
1239 2452 1352 2516 hoc
1381 2452 1484 2529 est,
1514 2450 1621 2529 sol,
1650 2455 1949 2531 manebat,
1980 2456 2087 2539 qui
2116 2458 2305 2539 pedes

259 2556 466 2605 tenens
505 2541 570 2603 in
602 2556 818 2603 terram
861 2562 1008 2603 cum
1033 2538 1224 2623 capite
1265 2542 1486 2603 coelum
1541 2540 1838 2623 tangebat,
1882 2541 2091 2605 inuens
2119 2546 2305 2626 quod

259 2630 460 2691 Roma
489 2626 632 2691 ess'et
661 2627 936 2703 domina,
975 2628 1033 2689 ἃ
1063 2642 1262 2691 totum
1284 2627 1587 2690 mundum
1616 2628 1877 2712 regebat.
1964 2634 2297 2711 Imperante

251 2734 399 2779 vero
423 2718 640 2777 Romae
672 2717 910 2777 Nerone
930 2712 1214 2777 colloseus
1241 2712 1510 2797 erigitur,
1555 2716 1777 2779 habens
1822 2716 2157 2779 altitudinis·
2186 2739 2295 2799 pe-

251 2802 360 2872 des
381 2818 651 2865 centum.
739 2802 856 2867 Hic
871 2802 1196 2883 imperator
1223 2822 1392 2868 aures
1421 2802 1631 2863 habuit
1649 2802 1914 2865 asininas.
1990 2801 2105 2867 Iste
2132 2807 2297 2867 Nero

249 2909 468 2953 omnes
497 2884 939 2951 barbitonsores
965 2887 1166 2951 secreti
1206 2887 1292 2951 sui
1319 2886 1583 2951 conscios
1611 2910 1738 2972 quo
1772 2889 1849 2951 ad
1898 2910 2069 2955 aures
2094 2889 2293 2953 statim

249 2972 398 3039 fetit
427 2974 706 3049 interfici,
753 2976 814 3037 &
856 2972 1176 3058 postquam
1219 2975 1436 3038 multos
1481 2996 1561 3038 ex
1603 2972 1773 3039 causa
1802 2978 2083 3059 praedifta
2110 2978 2295 3041 inter-

246 3060 474 3126 fecerat
506 3059 948 3126 barbitonsores
971 3059 1245 3129 misertus
1266 3060 1350 3125 est
1379 3061 1578 3135 unius,
1622 3061 1732 3144 qui
1760 3062 1988 3145 optime
2008 3062 2291 3127 serviebat

247 3148 335 3225 ei,
377 3150 438 3213 &
455 3146 754 3215 formosus
781 3166 928 3225 erat,
976 3150 1287 3232 injungens
1314 3149 1369 3211 ei
1401 3168 1475 3213 ue
1500 3152 1779 3231 cuiquam
1802 3148 2089 3215 secretum
2108 3152 2291 3231 hujus

247 3236 560 3321 detegeret
589 3237 699 3300 sub
735 3256 912 3319 poena
955 3235 1434 3319 decapitacionis.
1528 3236 1715 3319 Quod
1760 3257 1903 3299 cum
1956 3239 2059 3301 vix
2100 3235 2291 3302 facere

245 3324 458 3405 posset,
503 3320 730 3407 scripsit
759 3326 819 3385 in
851 3339 1070 3386 terram
1095 3323 1218 3387 lic:
1280 3328 1551 3387 “Terra
1577 3322 1685 3386 tibi
1728 3324 1883 3397 dito,
1930 3324 2095 3407 quod
2123 3326 2291 3388 Nero

247 3418 296 3447 “
322 3410 506 3473 habet
550 3430 720 3473 auree
745 3409 840 3472 aff
847 3414 1056 3474 mnas
1161 3410 1348 3495 Qod
1382 3412 1747 3493 perpendens
1788 3412 2033 3493 quidam
2078 3412 2153 3475 de
2196 3412 2285 3475 fa·

245 3498 426 3561 mulis
461 3496 720 3561 Neronis
757 3498 954 3561 literas
985 3496 1130 3581 legit
1167 3496 1225 3561 δε
1263 3496 1481 3561 delevit
1512 3511 1702 3573 terra,
1746 3496 2045 3581 &scripsit
2087 3500 2287 3573 bomm

239 3584 304 3645 ἃ
331 3600 478 3647 tunc
499 3601 628 3649 erat
657 3584 741 3649 ibi
764 3580 1138 3667 scriptumst
1143 3584 1377 3649 ‘homo
1407 3584 1519 3647 tibi
1550 3584 1707 3659 dico,
1740 3586 1905 3667 quod
1942 3589 2141 3649 Nero”
2169 3588 2281 3651 ἃς.

2172 2054 2307 2071 ῃ

237 3674 402 3753 Quae
429 3669 722 3753 scriptura
751 3672 1089 3753 imperatori
1111 3668 1334 3733 ostensa
1363 3668 1448 3734 est
1491 3686 1741 3745 tantum,
1784 3672 1953 3753 quod
1980 3671 2081 3735 ille
2110 3672 2283 3735 fami·
2323 3695 2329 3703 ·

235 3756 406 3821 liaris
444 3754 648 3823 versus
691 3778 866 3821 aures
909 3759 1160 3821 Neronis
1197 3756 1441 3841 inspicet
1443 3772 1525 3822 et
1616 3757 1869 3821 Dicebat
1903 3780 2049 3843 ergo
2096 3764 2283 3836 Ner0,

237 3848 518 3909 “Terra
545 3844 782 3907 detexit
825 3842 1112 3916 secretum
1153 3866 1379 3920 meum,
1425 3865 1545 3907 non
1587 3840 1947 3909 abscondam
1992 3846 2057 3909 id
2086 3848 2162 3909 de
2189 3868 2289 3911 ce·

225 3936 272 3966 “
305 3937 495 3995 terol’
579 3930 724 3995 Post
773 3932 1048 4015 tempotis
1077 3930 1338 4015 spacium
1383 3932 1587 3995 beatus
1621 3932 1893 3997 Silvester
1933 3952 2087 4017 papa
2106 3934 2269 4015 juffit

289 4102 1008 4214 ἱειῦοῑεεεηπιρνοεσῇῒηιι
1066 4102 1611 4217 Sedmoirxnfaiqvapr
1615 4102 1903 4170 mpersnma
1929 4102 2285 4161 fuisseindic1c.at

233 4168 724 4285 ‚ateriae
706 4166 1334 4285 {attinet
1499 4170 1599 4219 ⁰³²²
1577 4168 1711 4265 ¹¹2
1796 4170 2037 4235 ΜΨ
2008 4188 2117 4225 τε
2148 4168 2289 4225 Μ’

2220 4298 2281 4358 id

2506 164 2607 243 5⁸·
